<?xml version="1.0" encoding="UTF-8"?><marc:collection xmlns:marc="http://www.loc.gov/MARC21/slim" xmlns:xsi="http://www.w3.org/2001/XMLSchema-instance" xsi:schemaLocation="http://www.loc.gov/MARC21/slim http://www.loc.gov/standards/marcxml/schema/MARC21slim.xsd"><marc:record>
        <marc:leader>03159ctm a2200469Ka 4500</marc:leader>
        <marc:controlfield tag="001">224777</marc:controlfield>
        <marc:controlfield tag="005">20210807114539.0</marc:controlfield>
        <marc:controlfield tag="008">090626s1450    enk           000 0 lat d</marc:controlfield>
        <marc:datafield tag="035" ind1=" " ind2=" ">
            <marc:subfield code="a">(OCoLC)ocn416535755</marc:subfield>
        </marc:datafield>
        <marc:datafield tag="040" ind1=" " ind2=" ">
            <marc:subfield code="a">DFo</marc:subfield>
            <marc:subfield code="b">eng</marc:subfield>
            <marc:subfield code="e">amremm</marc:subfield>
            <marc:subfield code="c">UXG</marc:subfield>
            <marc:subfield code="d">UtOrBLW</marc:subfield>
        </marc:datafield>
        <marc:datafield tag="245" ind1="0" ind2="0">
            <marc:subfield code="a">Gesta Romanorum</marc:subfield>
            <marc:subfield code="h">[manuscript],</marc:subfield>
            <marc:subfield code="f">ca. 1450.</marc:subfield>
        </marc:datafield>
        <marc:datafield tag="300" ind1=" " ind2=" ">
            <marc:subfield code="a">52 leaves ;</marc:subfield>
            <marc:subfield code="c">225 x 155 mm</marc:subfield>
        </marc:datafield>
        <marc:datafield tag="336" ind1=" " ind2=" ">
            <marc:subfield code="a">text</marc:subfield>
            <marc:subfield code="b">txt</marc:subfield>
            <marc:subfield code="2">rdacontent</marc:subfield>
        </marc:datafield>
        <marc:datafield tag="337" ind1=" " ind2=" ">
            <marc:subfield code="a">unmediated</marc:subfield>
            <marc:subfield code="b">n</marc:subfield>
            <marc:subfield code="2">rdamedia</marc:subfield>
        </marc:datafield>
        <marc:datafield tag="340" ind1=" " ind2=" ">
            <marc:subfield code="a">Manuscript on paper.</marc:subfield>
        </marc:datafield>
        <marc:datafield tag="500" ind1=" " ind2=" ">
            <marc:subfield code="a">Manuscript codex.</marc:subfield>
        </marc:datafield>
        <marc:datafield tag="546" ind1=" " ind2=" ">
            <marc:subfield code="a">In Latin.</marc:subfield>
        </marc:datafield>
        <marc:datafield tag="520" ind1="2" ind2=" ">
            <marc:subfield code="a">Contains 33 of 34 tales or moral anecdotes derived from Greek and Roman history and legend. Only the final three lines of the first tale survive.</marc:subfield>
        </marc:datafield>
        <marc:datafield tag="500" ind1=" " ind2=" ">
            <marc:subfield code="a">Title from spine.</marc:subfield>
        </marc:datafield>
        <marc:datafield tag="505" ind1="0" ind2=" ">
            <marc:subfield code="a">Leaves 1r-52v: "[text begins abruptly] ... Quid aut apostolus. Qui perseuerauerunt in finem ... quid nos perducat qui sine fine regnat. amen. [rubr.] Explicit liber de gestis romanorum".</marc:subfield>
        </marc:datafield>
        <marc:datafield tag="500" ind1=" " ind2=" ">
            <marc:subfield code="a">Collation: Leaves ii + 52 + ii; 1⁶(-1) 2-6⁸ 7⁸(-1); no catchwords; signatures a ii-iii and b-g i-iiii are marked on lower right corners; leaf 41 missing except for upper left corner; leaf 52 missing bottom half.</marc:subfield>
        </marc:datafield>
        <marc:datafield tag="500" ind1=" " ind2=" ">
            <marc:subfield code="a">Layout: Written in 26 long lines (dimensions of written space: 170 x 110 mm).</marc:subfield>
        </marc:datafield>
        <marc:datafield tag="500" ind1=" " ind2=" ">
            <marc:subfield code="a">Script: Written in a very unusual English Cursive hand.</marc:subfield>
        </marc:datafield>
        <marc:datafield tag="500" ind1=" " ind2=" ">
            <marc:subfield code="a">Decoration: Some very simple pen flourishings at the ends of chapters on leaves 5v, 6v, 22r, 23r, 25r, 25v, 32v, 36r etc.</marc:subfield>
        </marc:datafield>
        <marc:datafield tag="563" ind1=" " ind2=" ">
            <marc:subfield code="a">Bound in 19th-century, half calf (blue leather and marbled paper), marble endpapers.</marc:subfield>
        </marc:datafield>
        <marc:datafield tag="500" ind1=" " ind2=" ">
            <marc:subfield code="a">Origin: England, 15th century.</marc:subfield>
        </marc:datafield>
        <marc:datafield tag="561" ind1="1" ind2=" ">
            <marc:subfield code="a">Possible marks of ownership in 16th century hands on leaves 31v ("Standely"), 49v (illegible), 50v ("Henri Holt").</marc:subfield>
        </marc:datafield>
        <marc:datafield tag="561" ind1="1" ind2=" ">
            <marc:subfield code="a">Formerly owned by Halliwell-Phillipps and sold to Warwick Castle Shakespeare Library (bookplate).</marc:subfield>
        </marc:datafield>
        <marc:datafield tag="541" ind1="1" ind2=" ">
            <marc:subfield code="a">Purchased as part of the Warwick Castle Shakespeare Library Collection by Henry Clay Folger.</marc:subfield>
            <marc:subfield code="e">cs3</marc:subfield>
        </marc:datafield>
        <marc:datafield tag="500" ind1=" " ind2=" ">
            <marc:subfield code="a">Shelfmark: Washington, D.C., Folger Shakespeare Library, MS V.a.76.</marc:subfield>
        </marc:datafield>
        <marc:datafield tag="510" ind1="4" ind2=" ">
            <marc:subfield code="a">Ricci, S. de. Census of medieval and Renaissance manuscripts in the United States and Canada,</marc:subfield>
            <marc:subfield code="c">3.3</marc:subfield>
        </marc:datafield>
        <marc:datafield tag="583" ind1="0" ind2=" ">
            <marc:subfield code="a">cataloged</marc:subfield>
            <marc:subfield code="c">2008-12</marc:subfield>
            <marc:subfield code="k">Andrew Sulavik</marc:subfield>
            <marc:subfield code="x">Item cataloged in hand and from existing descriptions.</marc:subfield>
            <marc:subfield code="2">local</marc:subfield>
        </marc:datafield>
        <marc:datafield tag="655" ind1=" " ind2="0">
            <marc:subfield code="a">Manuscripts, Latin</marc:subfield>
            <marc:subfield code="z">England</marc:subfield>
            <marc:subfield code="y">15th century.</marc:subfield>
        </marc:datafield>
        <marc:datafield tag="655" ind1=" " ind2="7">
            <marc:subfield code="a">Legends (literary genre)</marc:subfield>
            <marc:subfield code="z">England</marc:subfield>
            <marc:subfield code="y">15th century</marc:subfield>
            <marc:subfield code="v">Manuscripts.</marc:subfield>
            <marc:subfield code="2">aat</marc:subfield>
        </marc:datafield>
        <marc:datafield tag="655" ind1=" " ind2="7">
            <marc:subfield code="a">Folk tales.</marc:subfield>
            <marc:subfield code="2">aat</marc:subfield>
        </marc:datafield>
        <marc:datafield tag="700" ind1="1" ind2=" ">
            <marc:subfield code="a">Holt, Henry,</marc:subfield>
            <marc:subfield code="d">active 16th century,</marc:subfield>
            <marc:subfield code="e">former owner.</marc:subfield>
            <marc:subfield code="5">DFo</marc:subfield>
        </marc:datafield>
        <marc:datafield tag="700" ind1="1" ind2=" ">
            <marc:subfield code="a">Halliwell-Phillipps, J. O.</marc:subfield>
            <marc:subfield code="q">(James Orchard),</marc:subfield>
            <marc:subfield code="d">1820-1889,</marc:subfield>
            <marc:subfield code="e">former owner.</marc:subfield>
            <marc:subfield code="5">DFo</marc:subfield>
            <marc:subfield code="0">http://id.loc.gov/authorities/names/n80075855</marc:subfield>
        </marc:datafield>
        <marc:datafield tag="710" ind1="2" ind2=" ">
            <marc:subfield code="a">Warwick Castle (Warwick, England).</marc:subfield>
            <marc:subfield code="b">Shakespeare Library,</marc:subfield>
            <marc:subfield code="e">former owner.</marc:subfield>
            <marc:subfield code="5">DFo</marc:subfield>
            <marc:subfield code="0">http://id.loc.gov/authorities/names/no2009092177</marc:subfield>
        </marc:datafield>
        <marc:datafield tag="700" ind1="1" ind2=" ">
            <marc:subfield code="a">Folger, Henry Clay,</marc:subfield>
            <marc:subfield code="d">1857-1930,</marc:subfield>
            <marc:subfield code="e">former owner.</marc:subfield>
            <marc:subfield code="5">DFo</marc:subfield>
            <marc:subfield code="0">http://id.loc.gov/authorities/names/nr2002007592</marc:subfield>
        </marc:datafield>
        <marc:datafield tag="700" ind1="1" ind2=" ">
            <marc:subfield code="a">Folger, Emily C. J.</marc:subfield>
            <marc:subfield code="q">(Emily Clara Jordan),</marc:subfield>
            <marc:subfield code="d">1858-1936,</marc:subfield>
            <marc:subfield code="e">former owner.</marc:subfield>
            <marc:subfield code="5">DFo</marc:subfield>
            <marc:subfield code="0">http://id.loc.gov/authorities/names/nr2003016105</marc:subfield>
        </marc:datafield>
        <marc:datafield tag="752" ind1=" " ind2=" ">
            <marc:subfield code="a">Great Britain</marc:subfield>
            <marc:subfield code="b">England.</marc:subfield>
        </marc:datafield>
        <marc:datafield tag="852" ind1="8" ind2=" ">
            <marc:subfield code="a">Folger Shakespeare Library</marc:subfield>
            <marc:subfield code="b">DeckC-Rare</marc:subfield>
            <marc:subfield code="h">V.a.76</marc:subfield>
            <marc:subfield code="x">LK-S; rev 200812 ats/aeb</marc:subfield>
        </marc:datafield>
    </marc:record></marc:collection>